@article{Akgul2004a,
	Annote = {},
	Author = {Akgul, Tankut and {Mooney III}, Vincent J.},
	Date-Added = {2011-10-14 16:22:16 +0000},
	Date-Modified = {2011-10-14 16:22:16 +0000},
	Doi = {10.1145/1018210.1018211},
	File = {:GV Files/Text/GA Tech/Mendeley Papers/Akgul, Mooney III - 2004 - Assembly instruction level reverse execution for debugging.pdf:pdf},
	Issn = {1049331X},
	Journal = {ACM Transactions on Software Engineering and Methodology},
	Month = apr,
	Number = {2},
	Pages = {149--198},
	Title = {{Assembly instruction level reverse execution for debugging}},
	Url = {http://dx.doi.org/10.1145/1018210.1018211},
	Volume = {13},
	Year = {2004},
	Bdsk-Url-1 = {http://dx.doi.org/10.1145/1018210.1018211}}

@article{Biswas1999,
	Annote = {},
	Author = {Biswas, Bitan and Mall, R.},
	Date-Added = {2011-10-14 16:15:03 +0000},
	Date-Modified = {2011-10-14 16:15:03 +0000},
	Doi = {10.1145/312009.312079},
	File = {:GV Files/Text/GA Tech/Mendeley Papers/Biswas, Mall - 1999 - Reverse execution of programs.pdf:pdf},
	Issn = {03621340},
	Journal = {ACM SIGPLAN Notices},
	Keywords = {program inversion},
	Mendeley-Tags = {program inversion},
	Month = apr,
	Number = {4},
	Pages = {61--69},
	Title = {{Reverse execution of programs}},
	Url = {http://dx.doi.org/10.1145/312009.312079},
	Volume = {34},
	Year = {1999},
	Bdsk-Url-1 = {http://dx.doi.org/10.1145/312009.312079}}

@article{Briggs1987,
	Annote = {Uses reverse computation to implement Undo in a cricket scoring system.
        
Recognizes the basic rules used by Perumalla in Rcc, along with the fact that things like increment and subtraction don't require state saving.
        
The reverse code is actually automatically generated in this paper. Forward code is taken, and instrumented forward code, along with reverse code are produced.
        
This is the first paper that seems to automatically generate the instrumented forward code and the reverse code, rather than doing it by hand.},
	Author = {Briggs, J. S.},
	Date-Added = {2011-10-14 16:14:26 +0000},
	Date-Modified = {2011-10-14 16:14:26 +0000},
	Doi = {10.1002/spe.4380170703},
	File = {:GV Files/Text/GA Tech/Mendeley Papers/Briggs - 1987 - Generating reversible programs.pdf:pdf},
	Issn = {00380644},
	Journal = {Software: Practice and Experience},
	Keywords = {program inversion},
	Mendeley-Tags = {program inversion},
	Month = jul,
	Number = {7},
	Pages = {439--453},
	Title = {{Generating reversible programs}},
	Url = {http://doi.wiley.com/10.1002/spe.4380170703},
	Volume = {17},
	Year = {1987},
	Bdsk-Url-1 = {http://doi.wiley.com/10.1002/spe.4380170703},
	Bdsk-Url-2 = {http://dx.doi.org/10.1002/spe.4380170703}}



@article{SteinerTree,
	Author = {E. N. Gilbert and H. O. Pollak},
	Coden = {SMJMAP},
	Doi = {DOI:10.1137/0116001},
	Eissn = {1095712X},
	Issn = {00361399},
	Number = {1},
	Pages = {1-29},
	Publisher = {SIAM},
	Title = {Steiner Minimal Trees},
	Url = {http://dx.doi.org/doi/10.1137/0116001},
	Volume = {16},
	Year = {1968},
	Bdsk-Url-1 = {http://dx.doi.org/doi/10.1137/0116001},
	Bdsk-Url-2 = {http://dx.doi.org/10.1137/0116001}}

@article{ABCD,
	Author = {Rastislav Bodik and Rajiv Gupta and Vivek Sarkar},
	Journal = {PLDI},
	Title = {ABCD: Eliminating Array Bounds Checks on Demand},
	Year = {2000}}

@article{HouRC,
	Author = {Cong Hou and Daniel Quinlan and David Jefferson and Richard Fujimoto and Richard Vuduc},
	Journal = {4th Workshop on Reversible Computation},
	Title = {Synthesizing Loops For Program Inversion},
	Year = {2012}}

@article{rus2006scalable,
  title={Scalable array SSA and array data flow analysis},
  author={Rus, S. and He, G. and Rauchwerger, L.},
  journal={Languages and Compilers for Parallel Computing},
  pages={397--412},
  year={2006},
  publisher={Springer}
}

@article{fink2000unified,
  title={Unified analysis of array and object references in strongly typed languages},
  author={Fink, S. and Knobe, K. and Sarkar, V.},
  journal={Static Analysis},
  pages={155--174},
  year={2000},
  publisher={Springer}
}
