@book{Fujimoto2000,
author = {Richard M. Fujimoto},
title = {Parallel and Distributed Simulation Systems},
publisher = {Wiley},
year = {2000}
}
@book{Muchnick,
author = {Steven S. Muchnick},
title = {Advanced Compiler Design Implementation},
publisher = {Morgan Kaufmann Publishers},
year = {1997}
}
@article{Hou2012,
author = {Cong Hou and George Vulov and Dan Quinlan and David Jefferson and Richard Fujimoto and Richard Vuduc},
journal = {Compiler Construction},
title = {A New Method For Program Inversion},
year = {2012},
url = {http://www.cc.gatech.edu/~chou3/ProgramInversion.pdf},
}
@article{Vulov2011,
author = {George Vulov and Cong Hou and Richard Vuduc and Dan Quinlan and Richard Fujimoto and David Jefferson},
journal = {Winter Simulation Conference},
title = {The Backstroke Framework for Source Level Reverse Computation Applied to Parallel Discrete Event Simulation},
year = {2011},
}
@article{Pratt76,
author = {Pratt, Vaughan R.},
journal = {17th Annual Symposium on Foundations of Computer Science},
title = {Semantical consideration on floyo-hoare logic},
year = {1976}
}
@article{Rosu10,
   author = {Rosu, Grigore and Ellison, Chucky and Schulte, Wolfram},
journal = {Proceedings of the 13th international conference on Algebraic methodology and software technology},
   title = {Matching Logic: An Alternative to Hoare/Floyd Logic},
year = {2010}
}
@inproceedings{Srivastava2011,
	Author = {Srivastava, Saurabh and Gulwani, Sumit and Chaudhuri, Swarat and Foster, Jeffrey S.},
	Booktitle = {PLDI '11},
	Date-Added = {2011-12-26 02:52:13 +0000},
	Date-Modified = {2011-12-26 02:52:13 +0000},
	Doi = {10.1145/1993498.1993557},
	File = {:GV Files/Text/GA Tech/Mendeley Papers/Srivastava et al. - 2011 - Path-based inductive synthesis for program inversion.pdf:pdf},
	Isbn = {9781450306638},
	Keywords = {bolic execution,inductive synthesis,pins,program inversion,sym-,testing-inspired synthesis},
	Publisher = {ACM Press},
	Title = {{Path-based inductive synthesis for program inversion}},
	Url = {http://dx.doi.org/10.1145/1993498.1993557},
	Year = {2011},
	Bdsk-Url-1 = {http://dx.doi.org/10.1145/1993498.1993557}}


% eof
