@book{Fujimoto2000,
author = {Richard M. Fujimoto},
title = {Parallel and Distributed Simulation Systems},
publisher = {Wiley},
year = {2000}
}

@inproceedings{cytron1993efficient,
  title={Efficient accommodation of may-alias information in SSA form},
  author={Cytron, Ron and Gershbein, Reid},
  booktitle={ACM SIGPLAN Notices},
  volume={28},
  number={6},
  pages={36--45},
  year={1993},
  organization={ACM}
}

@article{quinlan2000rose,
  title={ROSE: Compiler support for object-oriented frameworks},
  author={Quinlan, Dan},
  journal={Parallel Processing Letters},
  volume={10},
  number={02n03},
  pages={215--226},
  year={2000},
  publisher={World Scientific}
}

% eof
